@Manual{R-base,
  title = {R: A Language and Environment for Statistical Computing},
  author = {{R Core Team}},
  organization = {R Foundation for Statistical Computing},
  address = {Vienna, Austria},
  year = {2025},
  url = {https://www.R-project.org/},
}
@Manual{R-papaja,
  title = {{papaja}: {Prepare} reproducible {APA} journal articles with {R Markdown}},
  author = {Frederik Aust and Marius Barth},
  year = {2024},
  note = {R package version 0.1.3},
  url = {https://github.com/crsh/papaja},
  doi = {10.32614/CRAN.package.papaja},
}
@Manual{R-tinylabels,
  title = {{tinylabels}: Lightweight variable labels},
  author = {Marius Barth},
  year = {2025},
  note = {R package version 0.2.5},
  url = {https://cran.r-project.org/package=tinylabels},
  doi = {10.32614/CRAN.package.tinylabels},
}
@misc{Grolemund_2023,
  title={R Markdown: The Definitive guide},
  url={https://bookdown.org/yihui/rmarkdown/},
  author={Grolemund, Yihui Xie J. J. Allaire, Garrett},
  year={2023},
  month=dec }
@article{assari2018,
	title = {Parental Education Attainment and Educational Upward Mobility; Role of Race and Gender},
	author = {Assari, Shervin},
	year = {2018},
	month = {11},
	date = {2018-11},
	journal = {Behavioral Sciences},
	pages = {107},
	volume = {8},
	number = {11},
	doi = {10.3390/bs8110107},
	url = {https://www.mdpi.com/2076-328X/8/11/107},
	note = {Number: 11
Publisher: Multidisciplinary Digital Publishing Institute},
	langid = {en}
}
